% Bibliografía

% Este fichero contiene la bibliografía de la memoria
% Está en un formato que se conoce como BibTex.
% Hay muchos sitios web que exportan referencias en formato BibTeX. 
% Prueba a buscar en http://scholar.google.com por referencias
% y verás que lo puedes hacer de manera sencilla.
% Más información: 
% http://texblog.org/2014/04/22/using-google-scholar-to-download-bibtex-citations/

% Existen varias posibilidades para referenciar diferentes tipos de documentos,
% ya que los datos necesarios varían. Así, existen formatos de entrada para
%     * libros (book)
%     * artículos en revistas de investigación (article)
%     * capítulos de libro (incollection)
%     * informes técnicos (techreport)
%     * otros (misc)
%
% Las páginas web deberían ir como misc.

% Una última cosa: no referencias nunca la WikiPedia
% La WikiPedia, como buena enciclopedia, no es fuente primaria.
% Si acaso, busca por citas en la WikiPedia (que sí ha de referenciar fuentes
% primarias) y haz referencia a las mismas.

@Book{matthes_python,
  author = {Eric Matthes},
  title = {Python Crash Course},
  publisher = {No Starch Press},
  year = 2015
}

@Misc{anyadike2023_programming,
  author = {Chukwuma Anyadike},
  title = {Top programming languages sought by employers in 2023 for software engineers},
  year = {2023},
  month = sep,
  note = {Dev.to},
  url = {https://dev.to/chukwuma1976/top-programming-languages-sought-by-employers-in-2023-for-software-engineers-fh},
  howpublished = {\url{https://dev.to/chukwuma1976/top-programming-languages-sought-by-employers-in-2023-for-software-engineers-fh}}
}

@Misc{postman_api_documentation,
  title = {Postman API Documentation},
  url = {https://learning.postman.com/docs/publishing-your-api/documenting-your-api/},
  howpublished = {\url{https://learning.postman.com/docs/publishing-your-api/documenting-your-api/}}
}

@Book{casciaro_nodejs,
  author = {Mario Casciaro and Luciano Mammino},
  title = {Node.js Design Patterns},
  publisher = {Packt Publishing},
  year = 2020
}

@Book{haverbeke_eloquentjs,
  author    = {Marijn Haverbeke},
  title     = {Eloquent JavaScript: A Modern Introduction to Programming},
  publisher = {No Starch Press},
  year      = {2018}
}

@Book{brown_node_express,
  author    = {Ethan Brown},
  title     = {Web Development with Node and Express},
  publisher = {O'Reilly Media},
  year      = {2019}
}

@Book{duckett_html_css,
  author    = {Jon Duckett},
  title     = {HTML y CSS: Diseño y construcción de sitios web},
  publisher = {Ediciones Pearson},
  year      = {2015}
}

